@manual{Navau2024,
  author       = {Carles Navau and José Mª Escartín},
  title        = {Mètodes Numèrics II},
  institution  = {Universitat Autònoma de Barcelona},
  year         = {2024},
  version      = {2.1.0-beta4},
  note         = {Versió 2.1.0-beta4 (31 d’octubre de 2024)},
}
